@misc{law1,
	author = {Хангулыева~О.},
	title = {Закон спроса и предложения в экономике},
	date = {2023},
	howpublished = {[Электронный ресурс].~--- Режим доступа: \url{https://cyberleninka.ru/article/n/zakon-sprosa-i-predlozheniya-v-ekonomike}}
}

@article{law2,
	author = {Янчук~В.~А.},
	title = {Закон взаимодействия спроса и предложения},
	journaltitle = {Народная Асвета},
	date = {2021}
}


@misc{law3,
	author = {Мудрик~Д.~Г. and Попков~C.~Ю and Ястребова~Е.~В.},
	title = {Экономическая физика: закон спроса и предложения, как результат действия универсального закона сохранения материи и энергии в экономике},
	howpublished = {[Электронный ресурс].~--- Режим доступа: \url{https://cyberleninka.ru/article/n/ekonomicheskaya-fizika-zakon-sprosa-i-predlozheniya-kak-rezultat-deystviya-universalnogo-zakona-sohraneniya-materii-i-energii-v}}
}

@misc{elast1,
	author = {Мухина~Е.~Р.},
	title = {Исследование факторов ценовой эластичности спроса и предложения},
	howpublished = {[Электронный ресурс].~--- Режим доступа: \url{https://cyberleninka.ru/article/n/issledovanie-faktorov-tsenovoy-elastichnosti-sprosa-i-predlozheniya}}
}

@article{elast2,
	author = {Синкевич~Н.~В. and Рубанов~Ф.~И. and Закинян~Р.~Г.},
	title = {Эластичность спрса и предложения на товар},
	journaltitle = {Фабула},
	date = {2015}
}
