@misc{project1,
	author = {Асташова~У.~В},
	title = {Проект и управление проектом: российская специфика},
	howpublished = {[Электронный ресурс].~--- Режим доступа: \url{https://cyberleninka.ru/article/n/proekt-i-upravlenie-proektom-rossiyskaya-spetsifika} (Дата обращения: 01.10.2024 г.)}
}

@misc{project2,
	title = {Затраты проекта},
	howpublished = {[Электронный ресурс].~--- Режим доступа: \url{https://eopearhiiv.edu.ee/e-kursused/eucip/juhtimine_vk/553__.html} (Дата обращения: 01.10.2024 г.)}
}

@misc{project3,
	author = {Овчаров~С.~И and Бражников~М.~А},
	title = {Оценка эксплуатационных затрат проекта},
	howpublished = {[Электронный ресурс].~--- Режим доступа: \url{https://cyberleninka.ru/article/n/otsenka-ekspluatatsionnyh-zatrat-proekta} (Дата обращения: 01.10.2024 г.)}
}