@misc{cost1,
	author = {Ходжамбердиев Амангелди and Дурханов Вепаберди and Гылычдурдыев Реджепдурды},
	title = {Цена, ее виды, факторы влияющие на цену},
	howpublished = {[Электронный ресурс].~--- Режим доступа: \url{https://cyberleninka.ru/article/n/tsena-ee-vidy-faktory-vliyayuschie-na-tsenu} (Дата обращения: 30.09.2024 г.)}
}

@misc{cost2,
	author = {Жильцова~Э.~Л.},
	title = {Цена в условиях рынка. Функции цен},
	howpublished = {[Электронный ресурс].~--- Режим доступа: \url{https://cyberleninka.ru/article/n/tseny-v-usloviyah-rynka-funktsii-tsen} (Дата обращения: 30.09.2024 г.)}
}

@misc{market,
	author = {Ковалева~Н.~В.},
	title = {Потребительский рынок},
	howpublished = {[Электронный ресурс].~--- Режим доступа: \url{https://cyberleninka.ru/article/n/potrebitelskiy-rynok} (Дата обращения: 30.09.2024 г.)}
}

@misc{enemy,
	author = {Кривенда~Е.~А.},
	title = {Конкурентоспособность и ее роль в рыночной экономике},
	howpublished = {[Электронный ресурс].~--- Режим доступа: \url{https://cyberleninka.ru/article/n/konkurentosposobnost-i-eyo-rol-v-rynochnoy-ekonomike} (Дата обращения: 01.10.2024 г.)}
}

@misc{target,
	author = {Смирнова~Н.~И.},
	title = {Управление затратами - метод <<таргет-костинг>>},
	howpublished = {[Электронный ресурс].~--- Режим доступа: \url{https://cyberleninka.ru/article/n/upravlenie-zatratami-metod-target-kosting} (Дата обращения: 30.09.2024 г.)}
}